frederikschulz@client0-10-192-75.eduroam.upc.edu.277