% This file was created with JabRef 2.7.2.
% Encoding: Cp1253

@article{machardy2018,
  title={V2X access technologies: Regulation, research, and remaining challenges},
  author={MacHardy, Zachary and Khan, Ashiq and Obana, Kazuaki and Iwashina, Shigeru},
  journal={IEEE Communications Surveys \& Tutorials},
  volume={20},
  number={3},
  pages={1858--1877},
  year={2018},
  publisher={IEEE}
}

@article{kenney2011,
  title={Dedicated short-range communications (DSRC) standards in the United States},
  author={Kenney, John B},
  journal={Proceedings of the IEEE},
  volume={99},
  number={7},
  pages={1162--1182},
  year={2011},
  publisher={IEEE}
}

@Article{festag2015,
author="Festag, Andreas",
title="Standards for vehicular communication---from IEEE 802.11p to 5G",
journal="e {\&} i Elektrotechnik und Informationstechnik",
year="2015",
month="Nov",
day="01",
volume="132",
number="7",
pages="409--416",
abstract="Standardization for wireless vehicular communication ensures, as in other domains, interoperability, supports regulations and legislation, and creates larger markets. For the initial deployment of vehicular communication, consistent sets of standards have been created, commonly named C-ITS in Europe and DSRC in the U.S., both relying on the WiFi standard IEEE 802.11. These initial standard sets specify vehicle-to-vehicle and vehicle-to-infrastructure communication and enable applications primarily for driver information and warnings. The article provides an overview of the key C-ITS and DSRC protocols from a standardization perspective. The article analyzes automated driving as the potential new application domain for vehicular communication, discusses its requirements on communication, and derives potential directions for future releases of the vehicular communication standards.",
issn="1613-7620",
doi="10.1007/s00502-015-0343-0",
url="https://doi.org/10.1007/s00502-015-0343-0"
}

@article{filippi2016,
  title={Ready to roll: Why 802.11 p beats LTE and 5G for V2x},
  author={Filippi, Alessio and Moerman, Kees and Daalderop, Gerardo and Alexander, Paul D and Schober, Franz and Pfliegl, Werner},
  journal={white paper by NXP Semiconductors, Cohda Wireless, and Siemens, 2016},
  year={2016}
}

@ARTICLE{zheng2015,
author={K. {Zheng} and Q. {Zheng} and P. {Chatzimisios} and W. {Xiang} and Y. {Zhou}},
journal={IEEE Communications Surveys Tutorials},
title={Heterogeneous Vehicular Networking: A Survey on Architecture, Challenges, and Solutions},
year={2015},
volume={17},
number={4},
pages={2377-2396},
keywords={access protocols;intelligent transportation systems;vehicular ad hoc networks;heterogeneous vehicular networking;intelligent transportation system;ITS;vehicular communication networks;dedicated short range communication;DSRC;real-time information exchange;pervasive roadside communication infrastructure;mobile cellular networks;real-time safety;cellular networks;heterogeneous vehicular network;HetVNET;wireless networking techniques;medium access control;MAC;Intelligent transportation systems;Safety;Broadcasting;Wireless communication;Quality of service;Accidents;Radio access networks;Intelligent vehicles;Machine-to-machine communications;Long Term Evolution;Vehicle-to-Vehicle (V2V);Vehicle-to- Infrastructure (V2I);Heterogeneous networks;Long Term Evolution (LTE);Dedicated Short Range Communications (DSRC);Vehicle-to-vehicle (V2V);vehicle-to-infrastructure (V2I);heterogeneous networks;long term evolution (LTE);dedicated short range communications (DSRC)},
doi={10.1109/COMST.2015.2440103},
ISSN={1553-877X},
month={Fourthquarter},}

@ARTICLE{karagiannis2011,
author={G. {Karagiannis} and O. {Altintas} and E. {Ekici} and G. {Heijenk} and B. {Jarupan} and K. {Lin} and T. {Weil}},
journal={IEEE Communications Surveys Tutorials},
title={Vehicular Networking: A Survey and Tutorial on Requirements, Architectures, Challenges, Standards and Solutions},
year={2011},
volume={13},
number={4},
pages={584-616},
keywords={computer networks;mobile radio;radio networks;road safety;road traffic;telecommunication standards;vehicular networking;traffic safety;traffic efficiency;infotainment;ITS programs;Intelligent vehicle systems;System performance;Standardization;Driver circuits;Road safety;Vehicular networking;V2V;V2I;SAE;IEEE 802.11p;WAVE;IEEE 1609;ISO CALM;ARIB;IntelliDrive(sm);VII;SEVECOM;VSC;SAFESPOT;CVIS;SMARTWAY;ASV;ITS-Safety 2010;eSafety;COMeSafety},
doi={10.1109/SURV.2011.061411.00019},
ISSN={1553-877X},
month={Fourth},}

@ARTICLE{lee2016,
author={J. {Lee} and Y. {Kim} and Y. {Kwak} and J. {Zhang} and A. {Papasakellariou} and T. {Novlan} and C. {Sun} and Y. {Li}},
journal={IEEE Communications Magazine},
title={LTE-advanced in 3GPP Rel -13/14: an evolution toward 5G},
year={2016},
volume={54},
number={3},
pages={36-42},
keywords={3G mobile communication;4G mobile communication;5G mobile communication;Long Term Evolution;3rd Generation Partnership Project;3GPP Rel -13/14;fourth generation network;4G LTE-Advanced network;standardization perspective;5G technology;LTE/LTE-Advanced ecosystem;air interface;Antenna arrays;Long Term Evolution;5G mobile communication;Throughput;Downlink;Directive antennas;3GPP Standards},
doi={10.1109/MCOM.2016.7432169},
ISSN={0163-6804},
month={March},}

@ARTICLE{araniti2013,
author={G. {Araniti} and C. {Campolo} and M. {Condoluci} and A. {Iera} and A. {Molinaro}},
journal={IEEE Communications Magazine},
title={LTE for vehicular networking: a survey},
year={2013},
volume={51},
number={5},
pages={148-157},
keywords={Long Term Evolution;road traffic;road vehicles;wireless LAN;LTE;vehicular networking;road safety;road traffic efficiency;IEEE 802.11;on-the-road communications;open issues;critical design choices;Vehicles;Intelligent vehicles;Road safety;Delays;Ad hoc networks;Traffic control;Telecommunication standards;Green design;Road transportation},
doi={10.1109/MCOM.2013.6515060},
ISSN={0163-6804},
month={May},}


@article{boban2017,
  title={Use cases, requirements, and design considerations for 5G V2X},
  author={Boban, Mate and Kousaridas, Apostolos and Manolakis, Konstantinos and Eichinger, Joseph and Xu, Wen},
  journal={arXiv preprint arXiv:1712.01754},
  year={2017}
}

@INPROCEEDINGS{boban2016,
author={M. {Boban} and K. {Manolakis} and M. {Ibrahim} and S. {Bazzi} and W. {Xu}},
booktitle={2016 IEEE Conference on Standards for Communications and Networking (CSCN)},
title={Design aspects for 5G V2X physical layer},
year={2016},
volume={},
number={},
pages={1-7},
keywords={5G mobile communication;antenna arrays;cooperative communication;next generation networks;synchronisation;vehicular ad hoc networks;wireless channels;multiantenna transmission technique;multilink synchronization;channel modeling;5G V2X physical layer;radio access aspect;safety-critical use;cooperative autonomous vehicle;vehicle- to-everything;next generation 5G communication system;5G mobile communication;Vehicles;Physical layer;Reliability;Base stations},
doi={10.1109/CSCN.2016.7785161},
ISSN={},
month={Oct},}

@ARTICLE{di2017,
author={B. {Di} and L. {Song} and Y. {Li} and G. Y. {Li}},
journal={IEEE Journal on Selected Areas in Communications},
title={Non-Orthogonal Multiple Access for High-Reliable and Low-Latency V2X Communications in 5G Systems},
year={2017},
volume={35},
number={10},
pages={2383-2397},
keywords={5G mobile communication;distributed control;iterative methods;multi-access systems;probability;resource allocation;road safety;telecommunication control;telecommunication scheduling;telecommunication signalling;distributed power control;iterative signaling control;centralized scheduling;resource allocation;multidimensional stable roommate matching problem;rotation matching algorithm;L-rotation stable matching;time-frequency resources;semipersistent scheduling;packet reception probability;access latency;safety information;dense vehicular communication network;5G systems;V2X communications;nonorthogonal multiple access;Resource management;Time-frequency analysis;Broadcasting;NOMA;Device-to-device communication;Safety;Power control;Non-orthogonal multiple access;V2X broadcasting;resource allocation;scheduling problem;matching theory},
doi={10.1109/JSAC.2017.2726018},
ISSN={0733-8716},
month={Oct},}

@inproceedings{gunes2014,
  title={Hybrid model for lte network-assisted d2d communications},
  author={Gunes, Thouraya Toukabri and Afifi, Hossam and others},
  booktitle={International Conference on Ad-Hoc Networks and Wireless},
  pages={100--113},
  year={2014},
  organization={Springer}
}

@ARTICLE{seo2016,
author={H. {Seo} and K. {Lee} and S. {Yasukawa} and Y. {Peng} and P. {Sartori}},
journal={IEEE Communications Magazine},
title={LTE evolution for vehicle-to-everything services},
year={2016},
volume={54},
number={6},
pages={22-28},
keywords={Intelligent vehicles;3GPP;Long Term Evolution;Reliability;Road traffic;Safety},
doi={10.1109/MCOM.2016.7497762},
ISSN={0163-6804},
month={June},}

@inproceedings{doppler2009,
  title={Device-to-device communications; functional prospects for LTE-advanced networks},
  author={Doppler, Klaus and Rinne, Mika P and Janis, Pekka and Ribeiro, Cassio and Hugl, Klaus},
  booktitle={2009 IEEE International Conference on Communications Workshops},
  pages={1--6},
  year={2009},
  organization={IEEE}
}

@article{rost2016mobile,
  title={Mobile network architecture evolution toward 5G},
  author={Rost, Peter and Banchs, Albert and Berberana, Ignacio and Breitbach, Markus and Doll, Mark and Droste, Heinz and Mannweiler, Christian and Puente, Miguel A and Samdanis, Konstantinos and Sayadi, Bessem},
  journal={IEEE Communications Magazine},
  volume={54},
  number={5},
  pages={84--91},
  year={2016},
  publisher={IEEE}
}

@ARTICLE{campolo2017, 
author={C. {Campolo} and A. {Molinaro} and A. {Iera} and F. {Menichella}}, 
journal={IEEE Wireless Communications}, 
title={5G Network Slicing for Vehicle-to-Everything Services}, 
year={2017}, 
volume={24}, 
number={6}, 
pages={38-45}, 
keywords={5G mobile communication;radio access networks;telecommunication services;5G network;key vertical markets;multiple network slices;common infrastructure;programmable infrastructure;logical network functions;core network;radio access network resources;multitenant vehicle-to-everything services;improved transport fluidity;vehicular end-device functionality;technological options;parameter configurations;5G mobile communication;3GPP;Cloud computing;Road transportation;Autonomous vehicles;Road transportation;Intelligent vehicles;Vehicular ad hoc networks}, 
doi={10.1109/MWC.2017.1600408}, 
ISSN={1536-1284}, 
month={Dec},}

@article{va2016millimeter,
  title={Millimeter wave vehicular communications: A survey},
  author={Va, Vutha and Shimizu, Takayuki and Bansal, Gaurav and Heath Jr, Robert W and others},
  journal={Foundations and Trends{\textregistered} in Networking},
  volume={10},
  number={1},
  pages={1--113},
  year={2016},
  publisher={Now Publishers, Inc.}
}

@INPROCEEDINGS{roberts2010, 
author={R. {Roberts} and P. {Gopalakrishnan} and S. {Rathi}}, 
booktitle={2010 IEEE Vehicular Networking Conference}, 
title={Visible light positioning: Automotive use case}, 
year={2010}, 
volume={}, 
number={}, 
pages={309-314}, 
keywords={automotive electronics;driver information systems;LED lamps;optical communication;position measurement;road safety;visible light positioning;positioning sensors;automobiles;traffic safety;driver information;illumination lighting;automotive sensors;Equations;Automobiles;Sensors;Lighting;Mathematical model;Distance measurement;Safety;Distance measurement;light emitting diode;ranging;time difference of arrival;tracking;location and positioning;visible light communications}, 
doi={10.1109/VNC.2010.5698229}, 
ISSN={2157-9865}, 
month={Dec},}

@ARTICLE{yu2013, 
author={S. {Yu} and O. {Shih} and H. {Tsai} and N. {Wisitpongphan} and R. D. {Roberts}}, 
journal={IEEE Communications Magazine}, 
title={Smart automotive lighting for vehicle safety}, 
year={2013}, 
volume={51}, 
number={12}, 
pages={50-59}, 
keywords={automotive electronics;Global Positioning System;lighting;mobile radio;radio receivers;road safety;traffic accidents probability;real-world scenarios;design guidelines;vehicle density;reliable communications;signaling;illumination;vehicle safety systems;visible light positioning;visible light communications;safety applications;consumer-grade GPS receivers;short-range communications;V2V standard;submeter error;V2V communications;communications;smart automotive lighting;Vehicles;Receivers;Lighting;Radio frequency;Vehicle safety;Intelligent vehicles}, 
doi={10.1109/MCOM.2013.6685757}, 
ISSN={0163-6804}, 
month={December},}

@article{rangan2014millimeter,
  title={Millimeter wave cellular wireless networks: Potentials and challenges},
  author={Rangan, Sundeep and Rappaport, Theodore S and Erkip, Elza},
  journal={arXiv preprint arXiv:1401.2560},
  year={2014}
}

 
@ARTICLE {5gamericas2018,
    author  = "5GAmericas",
    title   = "White Paper: Cellular V2X Communications Towards 5G",
    journal = "5G Americas White Papers",
    year    = "2018"
}

@article{chen2017vehicle,
  title={Vehicle-to-everything (v2x) services supported by LTE-based systems and 5G},
  author={Chen, Shanzhi and Hu, Jinling and Shi, Yan and Peng, Ying and Fang, Jiayi and Zhao, Rui and Zhao, Li},
  journal={IEEE Communications Standards Magazine},
  volume={1},
  number={2},
  pages={70--76},
  year={2017},
  publisher={IEEE}
}

@ARTICLE {5GAAwhite,
    author  = "5GAA-Automotive-Association",
    title   = "White paper: Timeline for deployment of C-V2X – Update",
    journal = "5GAA White Papers",
    year    = "2019"
}

@ARTICLE {3GPPTR22891,
    author  = "3GPP",
    title   = "Technical Specification Group Services and System Aspects; Feasibility Study on New Services and Markets Technology Enablers, Stage 1 (Release 14)",
    journal = "TR 22.891 v. 14.2.0",
    year    = "Sept. 2016"
}

@ARTICLE {3GPPTR23799,
    author  = "3GPP",
    title   = "Technical Specification Group Services and System Aspects; Study on Architecture for Next Generation System (Release 14)",
    journal = "TR 23.799 v. 0.6.0",
    year    = "July 2016"
}

@ARTICLE {ETSINFV,
    author  = "ETSI",
    title   = "Network Functions Virtualisation (NFV): Use Cases",
    journal = "GS NFV 001, v. 1.1.1",
    year    = "Oct. 2013"
}

@article{chen2015,
author = {Chen, Tao and Matinmikko, Marja and Chen, Xianfu and Zhou, Xuan and Ahokangas, Petri},
year = {2015},
month = {11},
pages = {},
title = {Software defined mobile networks: Concept, survey, and research directions},
volume = {53},
journal = {IEEE Communications Magazine},
doi = {10.1109/MCOM.2015.7321981}
}

@ARTICLE {ETSIMEC,
    author  = "ETSI",
    title   = "Mobile-Edge Computing — Introductory Technical White Paper",
    journal = "ETSI White Papers",
    year    = "Sept. 2014"
}
